@inproceedings{modern,
  author    = {Yimin Jiang and Yibo Zhu and Chang Lan and Bairen Yi and Yong Cui and Chuanxiong Guo},
  title     = {A Unified Architecture for Accelerating Distributed {DNN} Training in Heterogeneous {GPU/CPU} Clusters},
  booktitle = {14th USENIX Symposium on Operating Systems Design and Implementation (OSDI 20)},
  year      = {2020},
  isbn      = {978-1-939133-19-9},
  pages     = {463--479},
  url       = {https://www.usenix.org/conference/osdi20/presentation/jiang},
  publisher = {USENIX Association},
  month     = nov
}

@inproceedings{beginning,
  author    = {Jeffrey Dean and Greg Corrado and Rajat Monga and Kai Chen and Matthieu Devin and Mark Mao and Marc'aurelio Ranzato and Andrew Senior and Paul Tucker and Ke Yang and Quoc Le and Andrew Ng},
  title     = {Large Scale Distributed Deep Networks},
  booktitle = {Advances in Neural Information Processing Systems 25 (NIPS 2012)},
  year      = {2012},
  url       = {https://papers.nips.cc/paper/2012/hash/6aca97005c68f1206823815f66102863-Abstract.html},
  publisher = {NeurIPS Proceedings},
  month     = nov
}

@inproceedings{pipedream,
  author    = {Aaron Harlap and Deepak Narayanan and Amar Phanishayee and Vivek Seshadri and Nikhil Devanur and Greg Ganger and Phil Gibbons},
  title     = {PipeDream: Fast and Efficient Pipeline Parallel DNN Training},
  booktitle = {Distributed, Parallel, and Cluster Computing},
  year      = {2018},
  url       = {https://arxiv.org/abs/1806.03377},
  publisher = {arXiv},
  month     = jun
}

@article{shoeybi2019megatron,
  title   = {Megatron-lm: Training multi-billion parameter language models using model parallelism},
  author  = {Shoeybi and Mohammad and Patwary and Mostofa and Puri and Raul and LeGresley and Patrick and Casper and Jared and Catanzaro and Bryan},
  journal = {arXiv preprint arXiv:1909.08053},
  year    = {2019},
  url     = {https://arxiv.org/pdf/1909.08053.pdf}
}

@article{vaswani2017attention,
  title   = {Attention is all you need},
  author  = {Vaswani and Ashish and Shazeer and Noam and Parmar and Niki and Uszkoreit and Jakob and Jones and Llion and Gomez and Aidan N and Kaiser and {\L}ukasz and Polosukhin and Illia},
  journal = {Advances in neural information processing systems},
  volume  = {30},
  year    = {2017},
  url     = {https://arxiv.org/pdf/1706.03762.pdf}
}

@article{DBLP,
  author     = {Priya Goyal and
                Piotr Doll{\'{a}}r and
                Ross B. Girshick and
                Pieter Noordhuis and
                Lukasz Wesolowski and
                Aapo Kyrola and
                Andrew Tulloch and
                Yangqing Jia and
                Kaiming He},
  title      = {Accurate, Large Minibatch {SGD:} Training ImageNet in 1 Hour},
  journal    = {CoRR},
  volume     = {abs/1706.02677},
  year       = {2017},
  url        = {http://arxiv.org/abs/1706.02677},
  eprinttype = {arXiv},
  eprint     = {1706.02677},
  timestamp  = {Mon, 13 Aug 2018 16:49:10 +0200},
  biburl     = {https://dblp.org/rec/journals/corr/GoyalDGNWKTJH17.bib},
  bibsource  = {dblp computer science bibliography, https://dblp.org}
}